@article{EPR,
  title={Can quantum-mechanical description of physical reality be considered complete?},
  author={Einstein, Albert and Podolsky, Boris and Rosen, Nathan},
  journal={Physical review},
  volume={47},
  number={10},
  pages={777},
  year={1935},
  publisher={APS}
}
@article{manual,
  title={Lab Course: Bellâ€™s Inequality and Quantum Tomography},
  journal={Max Planck Institute of Quantum Optics},
  year={2020}
}